@article{EichnerMZF12_IJCV,
  author    = {Marcin Eichner and
               Manuel Jes{\'u}s Mar\'{\i}n-Jim{\'e}nez and
               Andrew Zisserman and
               Vittorio Ferrari},
  title     = {2D Articulated Human Pose Estimation and Retrieval in (Almost)
               Unconstrained Still Images},
  journal   = {International Journal of Computer Vision},
  volume    = {99},
  number    = {2},
  year      = {2012},
  pages     = {190-214},
}

@InProceedings{Dalal_HOG,
  author       = "Navneet Dalal and Bill Triggs",
  title        = "Histograms of Oriented Gradients for Human Detection",
  booktitle    = "International Conference on Computer Vision \& Pattern Recognition",
  volume       = "2",
  pages        = "886-893",
  month        = "June",
  year         = "2005",
}

@inproceedings{Dalal_HOF,
 author = {Dalal, Navneet and Triggs, Bill and Schmid, Cordelia},
 title = {Human detection using oriented histograms of flow and appearance},
 booktitle = {Proceedings of the 9th European conference on Computer Vision - Volume Part II},
 series = {ECCV'06},
 year = {2006},
 publisher = {Springer-Verlag},
} 


@inproceedings{Farneback03,
  title = {Two-Frame Motion Estimation Based on Polynomial Expansion},
  author = {Gunnar Farneb√§ck},
  year = {2003},
  booktitle = {Image Analysis, 13th Scandinavian Conference, SCIA},
  publisher = {Springer},
}

@inproceedings{delaitre2010,
	author = {Delaitre, V. and Laptev, I. and Sivic, J.},
	title = {Recognizing human actions in still images: a study of bag-of-features and part-based representations},
	booktitle = {Proceedings of the British Machine Vision Conference (BMVC)},
	year = {2010},
}

@inproceedings{KongW12_DictionaryLearning,
  author    = {Shu Kong and
               Donghui Wang},
  title     = {A Dictionary Learning Approach for Classification: Separating
               the Particularity and the Commonality},
  booktitle = {ECCV},
  year      = {2012},
  pages     = {186-199},
}

@inproceedings{SunCVPR10_OpticalFlow,
  title = {Secrets of optical flow estimation and their principles},
  author = {Sun, D. and Roth, S. and Black, M. J.},
  booktitle = {CVPR},
  publisher = {IEEE},
  month = jun,
  pages = {2432--2439},
  year = {2010}
}

@inproceedings{ DollarVSPETS05cuboids,
  author = "P. Doll\'ar and V. Rabaud and G. Cottrell and S. Belongie",
  title = "Behavior Recognition via Sparse Spatio-Temporal Features",
  booktitle = "VS-PETS",
  month = "October",
  year = "2005",
  city = "Beijing",
}

@inproceedings{Yang2012_DMM,
 author = {Yang, Xiaodong and Zhang, Chenyang and Tian, YingLi},
 title = {Recognizing actions using depth motion maps-based histograms of oriented gradients},
 booktitle = {ACM MM},
 series = { '12},
 year = {2012},
 location = {Nara, Japan},
 pages = {1057--1060},
 numpages = {4},
} 

@inproceedings{WangLCCW12_ROP,
  author    = {Jiang Wang and
               Zicheng Liu and
               Jan Chorowski and
               Zhuoyuan Chen and
               Ying Wu},
  title     = {Robust 3D Action Recognition with Random Occupancy Patterns},
  booktitle = {ECCV},
  year      = {2012},
}

@InProceedings{Klaser_HOG3D,
  author       = "Alexander Kl{\"a}ser and Marcin Marsza{\l}ek and Cordelia Schmid",
  title        = "A Spatio-Temporal Descriptor Based on 3D-Gradients",
  booktitle    = "BMVC",
  pages        = "995--1004",
  month        = "sep",
  year         = "2008",
  keywords     = "LEAR, CLASS, action recognition, BOW, 3D, SIFT, descriptor, gradients, videos, KTH, Weizmann, Hollywood",
}

@article{Cheng_SparseRepresentation2013,
 author = {Cheng, Hong and Liu, Zicheng and Yang, Lu and Chen, Xuewen},
 title = {Sparse representation and learning in visual recognition: Theory and applications},
 journal = {Signal Process.},
 issue_date = {June, 2013},
 volume = {93},
 number = {6},
 month = jun,
 year = {2013},
 issn = {0165-1684},
 pages = {1408--1425},
 numpages = {18},
 publisher = {Elsevier North-Holland, Inc.},
 address = {Amsterdam, The Netherlands, The Netherlands},
} 

@inproceedings{VieiraNOLC12_STOP,
  author    = {Ant{\^o}nio Wilson Vieira and
               Erickson R. Nascimento and
               Gabriel L. Oliveira and
               Zicheng Liu and
               Mario Fernando Montenegro Campos},
  title     = {STOP: Space-Time Occupancy Patterns for 3D Action Recognition
               from Depth Map Sequences},
  booktitle = {CIARP},
  year      = {2012},
  pages     = {252-259},
  ee        = {http://dx.doi.org/10.1007/978-3-642-33275-3_31},
  crossref  = {DBLP:conf/ciarp/2012},
  bibsource = {DBLP, http://dblp.uni-trier.de}
}

@inproceedings{Omar_HON4D,
    author = {Omar Oreifej and Zicheng Liu},
    title = {HON4D: Histogram of Oriented 4D Normals for Activity Recognition from Depth Sequences},
    booktitle = {CVPR},
    venue = {CVPR},
    year = {2013}
}

@inproceedings{Wu_LOP2012,
 author = {Wu, Ying},
 title = {Mining actionlet ensemble for action recognition with depth cameras},
 booktitle = {CVPR},
 year = {2012},
 pages = {1290--1297},
 numpages = {8},
 publisher = {IEEE Computer Society},
} 

@inproceedings{NiWM11_HuDaAct,
  author    = {Bingbing Ni and
               Gang Wang and
               Pierre Moulin},
  title     = {RGBD-HuDaAct: A color-depth video database for human daily
               activity recognition},
  booktitle = {ICCV},
  year      = {2011},
}

@InProceedings{LMSR08,
  author       = "Ivan Laptev and Marcin Marsza{\l}ek and Cordelia Schmid and Benjamin Rozenfeld",
  title        = "Learning Realistic Human Actions from Movies",
  booktitle    = "CVPR",
  publisher = "IEEE",
  month        = "jun",
  year         = "2008",
  keywords     = "LEAR",
}

@inproceedings{Li_actionrecognition,
    author = {Wanqing Li and Zhengyou Zhang and Zicheng Liu},
    title = {Action Recognition Based on A Bag of 3D Points},
    booktitle = {CVPR},
    venue = {CVPR},
    publisher = {IEEE},
    year = {2012}
}

@inproceedings{SapienzaCT12,
  author    = {Michael Sapienza and
               Fabio Cuzzolin and
               Philip H. S. Torr},
  title     = {Learning discriminative space-time actions from weakly labelled videos},
  booktitle = {BMVC},
  year      = {2012},
}

@article{TuragaCSU08_HAR_Survey,
  added-at = {2009-05-15T00:00:00.000+0200},
  author = {Turaga, Pavan K. and Chellappa, Rama and Subrahmanian, V. S. and Udrea, Octavian},
  biburl = {http://www.bibsonomy.org/bibtex/251065649a50c08fb05dc1c7ba69bfbb6/dblp},
  date = {2009-05-15},
  description = {dblp},
  ee = {http://dx.doi.org/10.1109/TCSVT.2008.2005594},
  journal = {IEEE Trans. Circuits Syst. Video Techn.},
  keywords = {dblp},
  number = 11,
  pages = {1473-1488},
  timestamp = {2009-05-15T00:00:00.000+0200},
  title = {Machine Recognition of Human Activities: A Survey.},
  volume = 18,
  year = 2008
}

@inproceedings{SaCoCVPR2012,
  author = {Sadanand, S. and Corso, J. J.},
  booktitle = {CVPR},
  title = {Action Bank: A High-Level Representation of Activity in Video},
  venue = {CVPR},
  publisher = {IEEE},
  year = {2012}
}

@inproceedings{Willems_ECCV08,
 author = {Willems, Geert and Tuytelaars, Tinne and Gool, Luc},
 title = {An Efficient Dense and Scale-Invariant Spatio-Temporal Interest Point Detector},
 booktitle = {ECCV},
 year = {2008},
} 

@inproceedings{JiangLD11_LCKSVD,
  author = {Jiang, Zhuolin and Lin, Zhe and Davis, Larry S.},
  booktitle = {CVPR},	
  title = {Learning a discriminative dictionary for sparse coding via label consistent K-SVD.},
  year = {2011},
}

@inproceedings{LucVanGool_RSL,
  author    = {Dominique Uebersax and
               Juergen Gall and
               Michael Van den Bergh and
               Luc J. Van Gool},
  title     = {Real-time sign language letter and word recognition from
               depth data},
  booktitle = {ICCV Workshops},
  year      = {2011},
  pages     = {383-390},
  ee        = {http://dx.doi.org/10.1109/ICCVW.2011.6130267},
  crossref  = {DBLP:conf/iccvw/2011},
  bibsource = {DBLP, http://dblp.uni-trier.de}
}

@article{Wedel_Stereo_SceneFlow,
 author = {Wedel, Andreas and Brox, Thomas and Vaudrey, Tobi and Rabe, Clemens},
 title = {Stereoscopic Scene Flow Computation for 3D Motion Understanding},
 journal = {IJCV},
 month = oct,
 year = {2011},
 publisher = {Kluwer Academic Publishers},
 keywords = {3D motion, 3D reconstruction, Motion segmentation, Scene flow, Structure from motion},
} 

@inproceedings{huguet_inria_SceneFlow,
    title = {{A Variational Method for Scene Flow Estimation from Stereo Sequences}},
    author = {Huguet, Fr{\'e}d{\'e}ric and Devernay, Fr{\'e}d{\'e}ric},      
    booktitle = {ICCV},
    organization = {IEEE},
    year = {2007},
}

@INPROCEEDINGS{Hetzel013dobject,
    author = {Guenter Hetzel and Bastian Leibe and Paul Levi and Bernt Schiele},
    title = {3D Object Recognition from Range Images using Local Feature Histograms},
    booktitle = {CVPR},
    year = {2001},
    pages = {394--399}
}

@article{Zhang_kernels,
  author    = {Jianguo Zhang and
               Marcin Marszalek and
               Svetlana Lazebnik and
               Cordelia Schmid},
  title     = {Local Features and Kernels for Classification of Texture
               and Object Categories: A Comprehensive Study},
  journal   = {International Journal of Computer Vision},
  volume    = {73},
  number    = {2},
  year      = {2007},
  pages     = {213-238},
  ee        = {http://dx.doi.org/10.1007/s11263-006-9794-4},
  bibsource = {DBLP, http://dblp.uni-trier.de}
}

@inproceedings{HONV_ACCV2012,
  author    = {Shuai Tang and
               Xiaoyu Wang and
               Xutao Lv and
               Tony X. Han and
               James M. Keller and
               Zhihai He and
               Marjorie Skubic and
               Shihong Lao},
  title     = {Histogram of Oriented Normal Vectors for Object Recognition
               with a Depth Sensor},
  booktitle = {ACCV},
  year      = {2012},
}

@article{HengWang_IJCV,
  AUTHOR = {Wang, Heng and Kl{\"a}ser, Alexander and Schmid, Cordelia and Liu, Cheng-Lin},
  TITLE = {{Dense trajectories and motion boundary descriptors for action recognition}},
  JOURNAL = {{International Journal of Computer Vision}},
  PUBLISHER = {Springer},
  YEAR = {2013},
  MONTH = Mar,
}

@inproceedings{Lorenzo_iCub,
  author    = {Lorenzo Natale, Francesco Nori, Giorgio Metta, Matteo Fumagalli, Serena Ivaldi, Ugo Pattacini, Marco Randazzo, Alexander Schmitz and Giulio Sandini},
  title     = {The iCub platform: a tool for studying intrinsically motivated learning},
  booktitle = {Intrinsically motivated learning in natural and artificial systems. Springer-Verlag Ed.Baldassarre, Gianluca and Mirolli, Marco (2012) }
}

@inproceedings{Oikonomidis_FORTH,
 author = {Oikonomidis, Iason and Kyriazis, Nikolaos and Argyros, Antonis A.},
 title = {Full DOF tracking of a hand interacting with an object by modeling occlusions and physical constraints},
 booktitle = {Proceedings of the 2011 International Conference on Computer Vision},
 series = {ICCV '11},
 year = {2011},
 isbn = {978-1-4577-1101-5},
 pages = {2088--2095},
 numpages = {8},
 url = {http://dx.doi.org/10.1109/ICCV.2011.6126483},
 doi = {10.1109/ICCV.2011.6126483},
 acmid = {2356331},
 publisher = {IEEE Computer Society},
 address = {Washington, DC, USA},
}  

@inproceedings{Shuai_HON,
  author    = {Shuai Tang and Xiaoyu Wang and Xutao Lv and Tony X. Han and Jim Keller and Zhihai He and Marjorie Skubic and Shihong Lao},
  title     = {Histogram of Oriented Normal Vectors for Object Recognition with a Depth Sensor},
  booktitle = {The 11th Asian Conference on Computer Vision (ACCV 2012)}
}

@article{Escalera_Blurred_Shape,
 author = {Escalera, S. and Forne, A. and Pujol, O. and Llado, J. and Radeva, P.},
 title = {Circular Blurred Shape Model for Multiclass Symbol Recognition},
 journal = {Trans. Sys. Man Cyber. Part B},
 issue_date = {April 2011},
 volume = {41},
 number = {2},
 month = apr,
 year = {2011},
 issn = {1083-4419},
 pages = {497--506},
 numpages = {10},
 url = {http://dx.doi.org/10.1109/TSMCB.2010.2060481},
 doi = {10.1109/TSMCB.2010.2060481},
 acmid = {2226941},
 publisher = {IEEE Press},
 address = {Piscataway, NJ, USA},
 keywords = {Error-correcting output codes, multiclass categorization, object detection, symbol description, symbol recognition},
} 

@proceedings{4DSTF_IROS11,
  title     = {2011 IEEE/RSJ International Conference on Intelligent Robots
               and Systems, IROS 2011, San Francisco, CA, USA, September
               25-30, 2011},
  booktitle = {IROS},
  publisher = {IEEE},
  year      = {2011},
  isbn      = {978-1-61284-454-1},
  ee        = {http://ieeexplore.ieee.org/xpl/mostRecentIssue.jsp?punumber=6034548},
  bibsource = {DBLP, http://dblp.uni-trier.de}
}

@article{Laptev_STIP,
 author = {Laptev, Ivan},
 title = {On Space-Time Interest Points},
 journal = {IJCV},
 month = sep,
 year = {2005},
} 

@inproceedings{Jesus_Suarez_HGR,
  author    = {Jesus Suarez and
               Robin R. Murphy},
  title     = {Hand gesture recognition with depth images{:} A review},
  booktitle = {RO-MAN},
  year      = {2012},
  pages     = {411-417},
  ee        = {http://dx.doi.org/10.1109/ROMAN.2012.6343787},
  crossref  = {DBLP:conf/ro-man/2012},
  bibsource = {DBLP, http://dblp.uni-trier.de}
}

@ARTICLE{Mitra07gesturerecognition,
    author = {Sushmita Mitra and Tinku Acharya},
    title = {Gesture recognition{:} A survey},
    journal = {IEEE Transactions On Systems, Man and Cybernetics - Part C},
    year = {2007},
    volume = {37},
    number = {3},
    pages = {311--324}
}

@article{Aggarwal_HAR_Review,
 author = {Aggarwal, J.K. and Ryoo, M.S.},
 title = {Human activity analysis: A review},
 journal = {ACM Comput. Surv.},
 month = apr,
 year = {2011},
} 


@conference{camplani_efficient_depthmap,
author = {Massimo Camplani and Luis Salgado},
editor = {Atilla M. Baskurt and Robert Sitnik},
collaboration = {},
title = {Efficient spatio-temporal hole filling strategy for Kinect depth maps},
publisher = {SPIE},
year = {2012},
journal = {Three-Dimensional Image Processing (3DIP) and Applications II},
volume = {8290},
number = {1},
eid = {82900E},
numpages = {10},
pages = {82900E},
location = {Burlingame, California, USA},
url = {http://link.aip.org/link/?PSI/8290/82900E/1},
doi = {10.1117/12.911909}
}

@inproceedings{Ilaria_Gesture_memory,
  author    = {Ilaria Gori and Sean Ryan Fanello and Giorgio Metta and Francesca Odone},
  title     = {All gestures you can: a memory game against a humanoid robot},
  booktitle = {In proceedings of IEEE-RAS International Conference on Humanoid Robots. Submitted to JMLR},
  year      = {2012},
}

@inproceedings{CemKeskin_RDFs,
  author    = {Cem Keskin and
               Furkan Kira\c{c} and
               Yunus Emre Kara and
               Lale Akarun},
  title     = {Randomized decision forests for static and dynamic hand shape classification},
  booktitle = {CVPR Workshops},
  year      = {2012},
  pages     = {31-36},
  ee        = {http://dx.doi.org/10.1109/CVPRW.2012.6239183},
  crossref  = {DBLP:conf/cvpr/2012w},
  bibsource = {DBLP, http://dblp.uni-trier.de}
}

@inproceedings{YuiManLui_least_squares_gesture,
  author    = {Yui Man Lui},
  title     = {A least squares regression framework on manifolds and its
               application to gesture recognition},
  booktitle = {CVPR Workshops},
  year      = {2012},
}

@article{HyvarinenH00_ISA,
  added-at = {2011-11-17T00:00:00.000+0100},
  author = {Hyv√§rinen, Aapo and Hoyer, Patrik O.},
  biburl = {http://www.bibsonomy.org/bibtex/23674313f2b1afd2593398351cd6ff1ee/dblp},
  ee = {http://dx.doi.org/10.1162/089976600300015312},
  interhash = {4d50aa71c7b7398dbce339c0784e8e91},
  intrahash = {3674313f2b1afd2593398351cd6ff1ee},
  journal = {Neural Computation},
  keywords = {dblp},
  number = 7,
  pages = {1705-1720},
  timestamp = {2011-11-17T00:00:00.000+0100},
  title = {Emergence of Phase- and Shift-Invariant Features by Decomposition of Natural Images into Independent Feature Subspaces.},
  url = {http://dblp.uni-trier.de/db/journals/neco/neco12.html#HyvarinenH00},
  volume = 12,
  year = 2000
}

@inproceedings{JamieShotton_Pose_recognition,
  author    = {Jamie Shotton and
               Andrew W. Fitzgibbon and
               Mat Cook and
               Toby Sharp and
               Mark Finocchio and
               Richard Moore and
               Alex Kipman and
               Andrew Blake},
  title     = {Real-time human pose recognition in parts from single depth
               images},
  booktitle = {CVPR},
  year      = {2011},
}

@inproceedings{GabrieleFanelli_head_pose,
  author    = {Gabriele Fanelli and
               Juergen Gall and
               Luc J. Van Gool},
  title     = {Real time head pose estimation with random regression forests},
  booktitle = {CVPR},
  year      = {2011},
  pages     = {617-624},
  ee        = {http://dx.doi.org/10.1109/CVPR.2011.5995458},
  crossref  = {DBLP:conf/cvpr/2011},
  bibsource = {DBLP, http://dblp.uni-trier.de}
}

@inproceedings{ZhouRen_FEMD,
  author    = {Zhou Ren and
               Junsong Yuan and
               Zhengyou Zhang},
  title     = {Robust hand gesture recognition based on finger-earth mover's
               distance with a commodity depth camera},
  booktitle = {ACM Multimedia},
  year      = {2011},
  pages     = {1093-1096},
  ee        = {http://doi.acm.org/10.1145/2072298.2071946},
  crossref  = {DBLP:conf/mm/2011},
  bibsource = {DBLP, http://dblp.uni-trier.de}
}

@inproceedings{Isabelle_Chalearn,
  author    = {Isabelle Guyon and
               Vassilis Athitsos and
               Pat Jangyodsuk and
               Ben Hamner and
               Hugo Jair Escalante},
  title     = {ChaLearn gesture challenge: Design and first results},
  booktitle = {CVPR Workshops},
  year      = {2012},
  pages     = {1-6},
}

@inproceedings{Isabelle_Chalearn_Results,
  author    = {Isabelle Guyon and Vassilis Athitsos and Pat Jangyodsuk and Hugo Jair Escalante and Ben Hamner},
  title     = {Results and Analysis of the ChaLearn Gesture Challenge 2012},
  booktitle = {ICPR Competitions},
  year      = {2012},
}

@inproceedings{Isabelle_Baseline,
  author    = {Hugo Jair Escalante and Isabelle Guyon},
  title     = {Principal motion: PCA-based reconstruction of motion histograms},
  booktitle = {Technical Memorandum},
  year      = {June 2012},
}

@inproceedings{NicolasPugeault_SpellingItOut,
  author    = {Nicolas Pugeault and
               Richard Bowden},
  title     = {Spelling it out: Real-time ASL fingerspelling recognition},
  booktitle = {ICCV Workshops},
  year      = {2011},
  pages     = {1114-1119},
  ee        = {http://dx.doi.org/10.1109/ICCVW.2011.6130290},
  crossref  = {DBLP:conf/iccvw/2011},
  bibsource = {DBLP, http://dblp.uni-trier.de}
}

@inproceedings{ElmezainAAM08_HMM,
  author    = {Mahmoud Elmezain and
               Ayoub Al-Hamadi and
               J{\"o}rg Appenrodt and
               Bernd Michaelis},
  title     = {A Hidden Markov Model-based continuous gesture recognition
               system for hand motion trajectory},
  booktitle = {ICPR},
  year      = {2008},
  pages     = {1-4},
  ee        = {http://dx.doi.org/10.1109/ICPR.2008.4761080},
  crossref  = {DBLP:conf/icpr/2008},
  bibsource = {DBLP, http://dblp.uni-trier.de}
}

@inproceedings{QuocLe_HAR_Self_taught,
  author    = {Quoc V. Le and
               Will Y. Zou and
               Serena Y. Yeung and
               Andrew Y. Ng},
  title     = {Learning hierarchical invariant spatio-temporal features
               for action recognition with independent subspace analysis},
  booktitle = {CVPR},
  year      = {2011},
  pages     = {3361-3368},
  ee        = {http://dx.doi.org/10.1109/CVPR.2011.5995496},
  crossref  = {DBLP:conf/cvpr/2011},
  bibsource = {DBLP, http://dblp.uni-trier.de}
}

@inproceedings{LeCun_Learning_Feature,
  author    = {Yann LeCun},
  title     = {Learning Invariant Feature Hierarchies},
  booktitle = {ECCV Workshops (1)},
  year      = {2012},
  pages     = {496-505},
  ee        = {http://dx.doi.org/10.1007/978-3-642-33863-2_51},
  crossref  = {DBLP:conf/eccv/2012w1},
  bibsource = {DBLP, http://dblp.uni-trier.de}
}

@inproceedings{HonglakLee_Self_Taught,
  author    = {Honglak Lee and
               Rajat Raina and
               Alex Teichman and
               Andrew Y. Ng},
  title     = {Exponential Family Sparse Coding with Application to Self-taught
               Learning},
  booktitle = {IJCAI},
  year      = {2009},
  pages     = {1113-1119},
  ee        = {http://ijcai.org/papers09/Papers/IJCAI09-188.pdf},
  crossref  = {DBLP:conf/ijcai/2009},
  bibsource = {DBLP, http://dblp.uni-trier.de}
}

@inproceedings{Andrew_sparse_coding,
  author    = {Honglak Lee and
               Alexis Battle and
               Rajat Raina and
               Andrew Y. Ng},
  title     = {Efficient sparse coding algorithms},
  booktitle = {NIPS},
  year      = {2006},
  pages     = {801-808},
  ee        = {http://books.nips.cc/papers/files/nips19/NIPS2006_0878.pdf},
  crossref  = {DBLP:conf/nips/2006},
  bibsource = {DBLP, http://dblp.uni-trier.de}
}

@inproceedings{ThomasHuang_SCSPM,
  author    = {Jianchao Yang and
               Kai Yu and
               Yihong Gong and
               Thomas S. Huang},
  title     = {Linear spatial pyramid matching using sparse coding for
               image classification},
  booktitle = {CVPR},
  year      = {2009},
}


@article{Murthy_Jadon,
  author    = {G. R. S. Murthy and R. S. Jadon},
  title     = {A REVIEW OF VISION BASED HAND GESTURES RECOGNITION},
  journal 	= {International Journal of Information Technology and Knowledge Management},
  year 		= {2009}
  volume	= {2}
  pages     = {405-410},
}

@inproceedings{WuZS12_cvpr,
  author    = {Di Wu and
               Fan Zhu and
               Ling Shao},
  title     = {One shot learning gesture recognition from RGBD images},
  booktitle = {CVPR Workshops},
  year      = {2012},
  pages     = {7-12},
  ee        = {http://dx.doi.org/10.1109/CVPRW.2012.6239179},
  crossref  = {DBLP:conf/cvpr/2012w},
  bibsource = {DBLP, http://dblp.uni-trier.de}
}

@inproceedings{Jesus_Suarez_HGR,
  author    = {Jesus Suarez and
               Robin R. Murphy},
  title     = {Hand gesture recognition with depth images{:} A review},
  booktitle = {RO-MAN},
  year      = {2012},
  pages     = {411-417},
  ee        = {http://dx.doi.org/10.1109/ROMAN.2012.6343787},
  crossref  = {DBLP:conf/ro-man/2012},
  bibsource = {DBLP, http://dblp.uni-trier.de}
}

@ARTICLE{Fakhreddine_Karray,
    author = {Fakhreddine Karray, Milad Alemzadeh, Jamil Abou Saleh, Mo Nours Arab},
    title = {HumanComputer Interaction: Overview on State of the Art},
    journal = {International Journal on Smart Sensing and
    Intelligent Systems},
    year = {2008},
    volume = {1}
}

@ARTICLE{Mitra07gesturerecognition,
    author = {Sushmita Mitra and Tinku Acharya},
    title = {Gesture recognition{:} A survey},
    journal = {IEEE Transactions On Systems, Man and Cybernetics - Part C},
    year = {2007},
    volume = {37},
    number = {3},
    pages = {311--324}
}

@article{NoorAdnan_Survey,
  author    = {Noor Adnan Ibraheem, Rafiqul Zaman Khan},
  title     = {Survey on Various Gesture Recognition Technologies and Techniques},
  journal = {International Journal of Computer Applications},  
  year 		= {2012},
  pages 	= {38-44},
  publisher = {Foundation of Computer Science, New York, USA}
}

@inproceedings{Kouichi_Hitomi,
  author    = {Kouichi Murakami and
               Hitomi Taguchi},
  title     = {Gesture recognition using recurrent neural networks},
  booktitle = {CHI},
  publisher = {ACM
  conference on Human factors in computing systems: Reaching through technology},
  year      = {1991},
  pages     = {237-242},
  ee        = {http://doi.acm.org/10.1145/108844.108900},
  crossref  = {DBLP:conf/chi/1991},
  bibsource = {DBLP, http://dblp.uni-trier.de}
}

@inproceedings{Simei_Marcus,
   author              = {Simei G. Wysoski and 
                          Marcus V. Lamar and 
                          Susumu Kuroyanagi and 
                          Akira Iwata and 
                          Akira Iwata},
   title               = {A Rotation Invariant Approach On Static-Gesture Recognition Using Boundary Histograms And Neural Networks},
   year = {2002},
   publisher = {IEEE Proceedings of the 9th International Conference on Neural Information
   Processing, Singapura},
   ee                  = {http%3A%2F%2Fwww.eletrica.ufpr.br%2Flamar%2Fpublic%2Fsgw-iconip-2002_final.pdf},
}

@inproceedings{3D_Facet,
  author    = {C. Zhang, X. Yang and Y. Tian},
  title     = {Histogram of 3D Facet{:} A Characteristic Descriptor for Hand Gesture Recognition},
  booktitle = {IEEE International Conference on Automatic Face and Gesture Recognition (FG 2013)},
  year      = {2013},
}


@inproceedings{John_Thomas,
  author    = {John Y. Lin and
               Ying Wu and
               Thomas S. Huang},
  title     = {Modeling the Constraints of Human Hand Motion},
  booktitle = {Workshop on Human Motion},
  year      = {2000},
  pages     = {121-126}
}

@BOOK{Forsyth_Modern_Approach,
   author = "David A. Forsyth and Jean Ponce",
   title= "Computer Vision: A modern approach",
   publisher = " Prentice Hall",
   year = 2003
   }

@BOOK{Gonzalez,
   author = "R. C. Gonzalez and R. E. Woods",
   title= "Digital Image Processing",
   publisher = "Reading, MA: Addison-Wesley",
   year = 1992
   }

@article{VisionLab,
  author    = {Marcel Reinders and Emile Hendriks and Huib de Ridder},
  title     = {Gesture Recognition, TUDelft Vision Lab},
  booktitle = {TUDelft Vision Lab},
  bibsource = {http://visionlab.tudelft.nl/content/gesture-recognition}
}

@inproceedings{Rainer01fasthand,
    author = {James Maclean Rainer and Rainer Herpers and Caroline Pantofaru and Laura Wood and Konstantinos Derpanis and John Tsotsos},
    title = {Fast Hand Gesture Recognition for Real-Time Teleconferencing Applications},
    booktitle = {In International Workshop on Recognition, Analysis and Tracking of Faces and Gestures in Real-time Systems},
    year = {2001},
    pages = {133--140}
}

@inproceedings{Asanterabi_Malima,
    author = {Asanterabi Malima and Erol √ñzg√ºr and M√ºjdat √áetin},
    title = {A Fast Algorithm For Vision-Based Hand Gesture Recognition For Robot Control},
    booktitle = {IEEE 14th conference on Signal Processing and Communications
    Applications},
    year = {2006},
    volume = {4},
    pages = {1--4}
}


@inproceedings{CourBS05,
  author = {Cour, Timoth√©e and B√©n√©zit, Florence and Shi, Jianbo},
  booktitle = {CVPR (2)},
  pages = {1124-1131},
  publisher = {IEEE Computer Society},
  title = {Spectral Segmentation with Multiscale Graph Decomposition.},
  year = 2005,
  date = {2005-07-27},
}

@inproceedings{ChiaPing_Chen_region_growing,
  author    = {Chia-Ping Chen and
               Yu-Ting Chen and
               Ping-Han Lee and
               Yu-Pao Tsai and
               Shawmin Lei},
  title     = {Real-time hand tracking on depth images},
  booktitle = {VCIP},
  year      = {2011},
  pages     = {1-4},
  ee        = {http://dx.doi.org/10.1109/VCIP.2011.6115983},
  crossref  = {DBLP:conf/vcip/2011},
  bibsource = {DBLP, http://dblp.uni-trier.de}
}

@inproceedings{David_Droeschel,
  author    = {David Droeschel and
               J{\"o}rg St{\"u}ckler and
               Sven Behnke},
  title     = {Learning to interpret pointing gestures with a time-of-flight
               camera},
  booktitle = {Human Robot Interaction (HRI)},
  year      = {2011},
  pages     = {481-488},
  ee        = {http://doi.acm.org/10.1145/1957656.1957822},
  crossref  = {DBLP:conf/hri/2011},
  bibsource = {DBLP, http://dblp.uni-trier.de}
}

@inproceedings{A.Kirillov,
  author    = {A.Kirillov},
  title     = {Hand  gesture  recognition},
  booktitle = {unpublished}
}

@conference{FreemanRoth1995,
  author    = {William T. Freeman and Michal Roth},
  address = { Mitsubishi Electric Research Laboratories },
  title = {Orientation histogram for hand gesture recognition},
  booktitle = {Automatic Face and Gesture Recognition},
  year = { 1995},
}

@inproceedings{Rung-Huei,
  author    = {Rung-Huei Liang and
               Ming Ouhyoung},
  title     = {A Real-Time Continuous Gesture Recognition System for Sign
               Language},
  booktitle = {FG},
  year      = {1998},
  pages     = {558-567},
  crossref  = {DBLP:conf/fgr/1998},
}

@inproceedings{Wang07b,
    author = {Chieh-Chih Wang and Co-Chih Wang },
    address = {Jeju, Korea},
    title = {Hand Posture Recognition Using Adaboost with SIFT for Human Robot Interaction},
    booktitle = {Proceedings of the International Conference on Advanced Robotics (ICAR'07)},    
    month = {August},
    year = {2007},
}

@inproceedings{BretznerLL02,
  author    = {Lars Bretzner and
               Ivan Laptev and
               Tony Lindeberg},
  title     = {Hand Gesture Recognition using Multi-Scale Colour Features,
               Hierarchical Models and Particle Filtering},
  booktitle = {FGR},
  year      = {2002},
  pages     = {423-428},
}

@inproceedings{FangWCL07,
  author    = {Yikai Fang and
               Kongqiao Wang and
               Jian Cheng and
               Hanqing Lu},
  title     = {A Real-Time Hand Gesture Recognition Method},
  booktitle = {ICME},
  year      = {2007},
  pages     = {995-998},
}

@conference{viola_jones_2001a,
  author    = {Paul A. Viola and
               Michael J. Jones},
  address = { Hawaii},
  title = {Rapid Object Detection using a Boosted Cascade of Simple
               Features},
  booktitle = {CVPR (1)},
  year = { 2001},
}

@inproceedings{Viola01robustreal_time,
    author = {Paul Viola and Michael Jones},
    title = {Robust Real-time Object Detection},
    booktitle = {International Journal of Computer Vision},
    year = {2001}
}

@inproceedings{Yoav_Harel,
    author = {Yoav Harel},
    title = {Hand Gesture Recognition using Viola and Johns Detector },
    publisher = {Stanford},
}

@inproceedings{LienhartM02,
  author    = {Rainer Lienhart and
               Jochen Maydt},
  title     = {An extended set of Haar-like features for rapid object detection},
  booktitle = {ICIP (1)},
  year      = {2002},
  pages     = {900-903},
}

@inproceedings{CourBS05,
  author    = {Timoth{\'e}e Cour and
               Florence B{\'e}n{\'e}zit and
               Jianbo Shi},
  title     = {Spectral Segmentation with Multiscale Graph Decomposition},
  booktitle = {CVPR (2)},
  year      = {2005},
  pages     = {1124-1131},
}

@article{Baum1969,
   author = {Baum, L.~E.},
   title = {An Inequality and Associated Maximization Technique in Statistical Estimation for Probabilistic Functions of Markov Processes},
   journal = {Inequalities},
   pages = {1-8},
   volume = {3},
   year = {1969},
}

@inproceedings{KolschT04,
  author    = {Mathias K{\"o}lsch and
               Matthew Turk},
  title     = {Analysis of Rotational Robustness of Hand Detection with
               a Viola-Jones Detector},
  booktitle = {ICPR (3)},
  year      = {2004},
  pages     = {107-110},
}

@inproceedings{Convex_Defects,
  title     = {OpenCV Structural Analysis Reference},
}

@inproceedings{Luca_Del,
  author	= {	Luca Del Tongo },
  title     = {Emgu CV Hand Gestures Recognition Advanced Tutorial},
  publisher = {http://blogs.ugidotnet.org/wetblog/Default.aspx},
}

@inproceedings{Luca_Del,
  author	= {	Luca Del Tongo },
  title     = {Emgu CV Hand Gestures Recognition Advanced Tutorial},
  publisher = {http://blogs.ugidotnet.org/wetblog/Default.aspx},
}

@inproceedings{Cambridge_Dataset,
  title     = {Cambridge Hand Posture Dataset: ftp://mi.eng.cam.ac.uk/pub/CamGesData,
  publisher = {Cambridge University},
}

@article{Leven_dist,
  title = {Binary Codes Capable of Correcting Deletions, Insertions and Reversals},
  author = {{Levenshtein}, V.~I.},
  year = {1966},
  month = {feb},
  journal = {Soviet Physics Doklady},
  volume = {10},
  pages = {707},
}

@conference{camplani_jbf,
author = {Massimo Camplani and Luis Salgado},
editor = {Atilla M. Baskurt and Robert Sitnik},
collaboration = {},
title = {Efficient spatio-temporal hole filling strategy for Kinect depth maps},
publisher = {SPIE},
year = {2012},
journal = {Three-Dimensional Image Processing (3DIP) and Applications II},
volume = {8290},
number = {1},
eid = {82900E},
numpages = {10},
pages = {82900E},
}

@inproceedings{chalearn_dataset,
	  author = {Michal Piorkowski and Natasa Sarafijanovic-Djukic and Matthias Grossglauser},
	  title = {ChaLearn Gesture Dataset (CGD2011), ChaLearn, California}, 
	  year = {2011},
}

@inproceedings{Stack_Overflow,
  title     = {Disable automatic white balance from Webcam: http://stackoverflow.com/questions/5652085/how-to-disable-automatic-white-balance-from-webcam},
  date	 	= {2011-4-13},
  publisher = {Stackoverflow},
}
	
@MISC{Diebel06representingattitude,
    author = {James Diebel},
    title = {Representing Attitude: Euler Angles, Unit Quaternions, and Rotation Vectors},
    year = {2006}
}

@inproceedings{ZhaoL04a_vis_attention,
  author    = {Lianwei Zhao and
               Siwei Luo},
  title     = {Feedback Selective Visual Attention Model Based on Feature
               Integration Theory},
  booktitle = {ISNN (2)},
  year      = {2004},
  pages     = {482-487},
}

@INPROCEEDINGS{Hadfield11,
  author = {Simon Hadfield and Richard Bowden},
  title = {Kinecting the dots: Particle Based Scene Flow From Depth Sensors},
  booktitle = {Proceedings, International Conference on Computer Vision},
  year = {2011},
}

@inproceedings{Zhai_2006,
 author = {Zhai, Yun and Shah, Mubarak},
 title = {Visual attention detection in video sequences using spatiotemporal cues},
 booktitle = {Proceedings of the 14th annual ACM international conference on Multimedia},
 series = {MULTIMEDIA '06},
 year = {2006},
 publisher = {ACM},
} 

@inproceedings{AchantaS10,
  author    = {Radhakrishna Achanta and
               Sabine S{\"u}sstrunk},
  title     = {Saliency detection using maximum symmetric surround},
  booktitle = {ICIP},
  year      = {2010},
  pages     = {2653-2656},
}

@inproceedings{GuoMZ08,
  author    = {Chenlei Guo and
               Qi Ma and
               Liming Zhang},
  title     = {Spatio-temporal Saliency detection using phase spectrum
               of quaternion fourier transform},
  booktitle = {CVPR},
  year      = {2008},
}

@article{GofermanZT12,
  author    = {Stas Goferman and
               Lihi Zelnik-Manor and
               Ayellet Tal},
  title     = {Context-Aware Saliency Detection},
  journal   = {IEEE Trans. Pattern Anal. Mach. Intell.},
  volume    = {34},
  number    = {10},
  year      = {2012},
  pages     = {1915-1926},
}

@INPROCEEDINGS{Harris88acombined,
    author = {Chris Harris and Mike Stephens},
    title = {A combined corner and edge detector},
    booktitle = {In Proc. of Fourth Alvey Vision Conference},
    year = {1988},
    pages = {147--151}
}

@article{Tuytelaars2004,
 author = {Tuytelaars, Tinne and Van Gool, Luc},
 title = {Matching Widely Separated Views Based on Affine Invariant Regions},
 journal = {Int. J. Comput. Vision},
 issue_date = {August 2004},
 volume = {59},
 number = {1},
 month = aug,
 year = {2004},
 publisher = {Kluwer Academic Publishers},
} 

@article{DavidLowe,
 author = {Lowe, David G.},
 title = {Distinctive Image Features from Scale-Invariant Keypoints},
 journal = {Int. J. Comput. Vision},
 issue_date = {November 2004},
 volume = {60},
 number = {2},
 month = nov,
 year = {2004},
 publisher = {Kluwer Academic Publishers},
} 

@inproceedings{Steder2009,
 author = {Steder, Bastian and Grisetti, Giorgio and Van Loock, Mark and Burgard, Wolfram},
 title = {Robust on-line model-based object detection from range images},
 booktitle = {Proceedings of the 2009 IEEE/RSJ international conference on Intelligent robots and systems},
 series = {IROS'09},
 year = {2009},
 publisher = {IEEE Press},
} 
 
@inproceedings{Ruhnke2009,
 author = {Ruhnke, Michael and Steder, Bastian and Grisetti, Giorgio and Burgard, Wolfram},
 title = {Unsupervised learning of 3D object models from partial views},
 booktitle = {Proceedings of the 2009 IEEE international conference on Robotics and Automation},
 series = {ICRA'09},
 year = {2009},
 publisher = {IEEE Press},
} 

@INPROCEEDINGS{Plagemann10real,
    author = {Christian Plagemann and Varun Ganapathi and Daphne Koller and Sebastian Thrun},
    title = {Real-time identification and localization of body parts from depth images},
    booktitle = {IEEE International Comference on Robotics and Automation (ICRA},
    year = {2010}
}

@inproceedings{citeulike10566416,
    author = {Yamato, Junji and Ohya, Jun and Ishii, Kenichiro},
    booktitle = {IEEE Computer Society Conference on Computer Vision and Pattern Recognition},
    citeulike-article-id = {10566416},
    posted-at = {2012-04-14 18:25:55},
    priority = {2},
    title = {Recognizing Human Action in {Time-Sequential} Images using Hidden Markov Model},
    year = {1992}
}

@inproceedings{Yacoob1998,
 author = {Yacoob, Yaser and Black, Michael J.},
 title = {Parameterized Modeling and Recognition of Activities},
 booktitle = {Proceedings of the Sixth International Conference on Computer Vision},
 series = {ICCV '98},
 year = {1998},
 publisher = {IEEE Computer Society},
} 

@inproceedings{Lublinerman2006,
 author = {Lublinerman, Roberto and Ozay, Necmiye and Zarpalas, Dimitrios and Camps, Octavia},
 title = {Activity Recognition from Silhouettes using Linear Systems and Model (In)validation Techniques},
 booktitle = {Proceedings of the 18th International Conference on Pattern Recognition - Volume 01},
 series = {ICPR '06},
 year = {2006},
 publisher = {IEEE Computer Society},
} 

@article{Bobick2001,
 author = {Bobick, Aaron F. and Davis, James W.},
 title = {The Recognition of Human Movement Using Temporal Templates},
 journal = {IEEE Trans. Pattern Anal. Mach. Intell.},
 issue_date = {March 2001},
 volume = {23},
 number = {3},
 month = mar,
 year = {2001},
 publisher = {IEEE Computer Society},
} 

@INPROCEEDINGS{Ke07spatiotemporalshape,
    author = {Yan Ke and Rahul Sukthankar and Martial Hebert},
    title = {Spatio-temporal shape and flow correlation for action recognition},
    booktitle = {In 7th Int. Workshop on Visual Surveillance},
    year = {2007}
}

@INPROCEEDINGS{Rodriguez08actionmach,
    author = {Mikel D. Rodriguez and Javed Ahmed and Mubarak Shah},
    title = {Action MACH: a spatio-temporal maximum average correlation height filter for action recognition},
    booktitle = {In Proceedings of IEEE International Conference on Computer Vision and Pattern Recognition},
    year = {2008}
}

@inproceedings{Yilmaz2005,
 author = {Yilmaz, Alper and Shah, Mubarak},
 title = {Actions Sketch: A Novel Action Representation},
 booktitle = {Proceedings of the 2005 IEEE Computer Society Conference on Computer Vision and Pattern Recognition (CVPR'05) - Volume 1 - Volume 01},
 series = {CVPR '05},
 year = {2005},
 publisher = {IEEE Computer Society},
} 

@inproceedings{Campbell1995,
 author = {Campbell, L. W. and Bobick, A. F.},
 title = {Recognition of human body motion using phase space constraints},
 booktitle = {Proceedings of the Fifth International Conference on Computer Vision},
 series = {ICCV '95},
 year = {1995},
 publisher = {IEEE Computer Society},
} 

@inproceedings{Sheikh2005,
 author = {Sheikh, Yaser and Sheikh, Mumtaz and Shah, Mubarak},
 title = {Exploring the Space of a Human Action},
 booktitle = {Proceedings of the Tenth IEEE International Conference on Computer Vision (ICCV'05) Volume 1 - Volume 01},
 series = {ICCV '05},
 year = {2005},
 publisher = {IEEE Computer Society},
} 

@article{hiearchicalcvpr09,
  author = {Ju Sun, and Xiao Wu, and Shuicheng Yan, and Loong-Fah Cheong, and Tat-Seng Chua and Jintao Li},
  title = {Hierarchical Spatio-Temporal Context Modeling for Action Recognition},
  journal = {CVPR},
  year = {2009}
}

@inproceedings{citeulike10668572,
    author = {Chomat, O. and Crowley, J. L.},
    booktitle = {CVPR},
    citeulike-article-id = {10668572},
    keywords = {asm},
    posted-at = {2012-05-14 17:46:20},
    priority = {2},
    title = {Probabilistic recognition of activity using local appearance},
    year = {1999}
}

@INPROCEEDINGS{Zelnikbasedanalysis,
    author = {Lihi Zelnik-manor and Michal Irani},
    title = {Event-based analysis of video},
    booktitle = {In Proc. CVPR},
    year = {2001},
    pages = {123--130}
}

@INPROCEEDINGS{Gorelick05actionsas,
    author = {Lena Gorelick and Moshe Blank and Eli Shechtman and Michal Irani and Ronen Basri},
    title = {Actions as space-time shapes},
    booktitle = {In ICCV},
    year = {2005},
    pages = {1395--1402}
}

@inproceedings{Scovanner2007,
 author = {Scovanner, Paul and Ali, Saad and Shah, Mubarak},
 title = {A 3-dimensional sift descriptor and its application to action recognition},
 booktitle = {Proceedings of the 15th international conference on Multimedia},
 series = {MULTIMEDIA '07},
 year = {2007},
 publisher = {ACM},
} 

@inproceedings{RapantzikosAK09,
  author    = {Konstantinos Rapantzikos and
               Yannis S. Avrithis and
               Stefanos D. Kollias},
  title     = {Dense saliency-based spatiotemporal feature points for action
               recognition},
  booktitle = {CVPR},
  year      = {2009},
}