@misc{emarketerreport,
  title = {How Do People Use Virtual Assistants on Their Smartphones?},
  howpublished = {\url{https://www.emarketer.com/Article/How-Do-People-Use-Virtual-Assistants-on-Their-Smartphones/1015251}},
  author = {Alison McCarthy},
  month = feb,
  year = 2017
}

@inproceedings{huggins2006pocketsphinx,
  title={Pocketsphinx: A free, real-time continuous speech recognition system for hand-held devices},
  author={Huggins-Daines, David and Kumar, Mohit and Chan, Arthur and Black, Alan W and Ravishankar, Mosur and Rudnicky, Alexander I},
  booktitle={Acoustics, Speech and Signal Processing, 2006. ICASSP 2006 Proceedings. 2006 IEEE International Conference on},
  volume={1},
  pages={I--I},
  year={2006},
  organization={IEEE}
}

@misc{protalinski,
  title = {Google’s speech recognition technology now has a 4.9\% word error rate},
  howpublished = {\url{https://venturebeat.com/2017/05/17/googles-speech-recognition-technology-now-has-a-4-9-word-error-rate/}},
  author = {Emil Protalinski},
  month = may,
  year = 2017
}

@misc{beaufays,
  title = {Google Research Blog: The neural networks behind Google Voice transcription},
  howpublished = {\url{https://research.googleblog.com/2015/08/the-neural-networks-behind-google-voice.html}},
  author = {Françoise Beaufays},
  month = aug,
  year = 2015
}

@article{tts_review,
  author    = {Suhas R. Mache and Manasi R. Baheti and C. Namrata Mahender},
  title     = {Review on Text-To-Speech Synthesizer},
  journal   = {IJARCCE},
  volume    = {4},
  year      = {2015},
}

@misc{rasadocs,
  title = {Rasa NLU Docs},
  url = {https://rasa-nlu.readthedocs.io/}
}
